<?xml version="1.0" encoding="UTF-8"?><collection><record><leader>05576ntm a2200601 a 4500</leader><controlfield tag="001">006813491</controlfield><controlfield tag="003">MiAaHDL</controlfield><controlfield tag="005">20190719000000.0</controlfield><controlfield tag="006">m        d        </controlfield><controlfield tag="007">cr bn ---auaua</controlfield><controlfield tag="008">090605s1524    tu            00| ||ara d</controlfield><datafield tag="035" ind1=" " ind2=" "><subfield code="a">(MiU)006813491</subfield></datafield><datafield tag="035" ind1=" " ind2=" "><subfield code="a">sdr-miu006813491</subfield></datafield><datafield tag="040" ind1=" " ind2=" "><subfield code="a">MiU</subfield><subfield code="c">MiU</subfield><subfield code="e">amremm</subfield></datafield><datafield tag="043" ind1=" " ind2=" "><subfield code="a">n-us-mi</subfield></datafield><datafield tag="100" ind1="1" ind2=" "><subfield code="6">880-01</subfield><subfield code="a">Jārabardī, Aḥmad ibn al-Ḥusayn,</subfield><subfield code="d">-1346.</subfield></datafield><datafield tag="245" ind1="1" ind2="0"><subfield code="6">880-03</subfield><subfield code="a">Sharḥ al-Shāfiyah,</subfield><subfield code="f">[930, i.e., 1524].</subfield></datafield><datafield tag="260" ind1=" " ind2=" "><subfield code="c">[Bitlis?,</subfield><subfield code="c">1524].</subfield></datafield><datafield tag="300" ind1=" " ind2=" "><subfield code="a">195 leaves :</subfield><subfield code="b">paper ;</subfield><subfield code="c">208 x 153 (135 x 85) mm. bound to 213 x 155 mm.</subfield></datafield><datafield tag="500" ind1=" " ind2=" "><subfield code="a">Shelfmark: Ann Arbor, University of Michigan, Special Collections Library, Isl. Ms. 619</subfield></datafield><datafield tag="500" ind1=" " ind2=" "><subfield code="a">Origin: As appears in colophon on p.390, copied by Ḥaṣan ibn Ṣāliḥ ibn Aḥmad, in al-Madrasah al-Ḥājjīyah [?] (المدرسة الحاجية) in the buqʻah (بقعة) of Bitlis (بدليس) [?] with transcription (tansīkh) completed 27 Dhū al-Qaʻdah 930 [ca. 26 September 1524].</subfield></datafield><datafield tag="500" ind1=" " ind2=" "><subfield code="a">Accompanying materials: a. Acquisitions slip from Yahuda. -- b. Inventory cataloguing slip in hand of Winifred Smeaton Thomas.</subfield></datafield><datafield tag="500" ind1=" " ind2=" "><subfield code="a">Former shelfmark: From inner front cover and spine label, "IL 202" (likely supplied by Yahuda, see acquisitions slip).</subfield></datafield><datafield tag="500" ind1=" " ind2=" "><subfield code="a">Binding: Pasteboards covered in dark teal cloth ; Western-style binding (not original) ; board linings in wove paper ; resewn and very tightly bound ; stuck-on endbands in blue and white stripe ; overall in fairly good condition with some abrasion, staining, lifting of cloth, etc.</subfield></datafield><datafield tag="500" ind1=" " ind2=" "><subfield code="a">Support: European laid paper with 11 laid lines per cm. (vertical), chain lines spaced 30-32 mm. apart (horizontal), and bull's head watermark (pole and five-petalled flower above, see p.10, 16, etc.), dense and sturdy though crisp, well-burnished.</subfield></datafield><datafield tag="500" ind1=" " ind2=" "><subfield code="a">Decoration: Keywords and abbreviation symbols rubricated ; textual dividers in the form of inverted commas in red ; text being commented upon (matn al-Shāfiyah) overlined in red.</subfield></datafield><datafield tag="500" ind1=" " ind2=" "><subfield code="a">Script: Naskh-nastaʻlīq (talik) ; elegant Eastern Turkish [?] hand ; virtually serifless and quite rounded with curvilinear descenders (many sweeping), slight effect of words descending to baseline (occasionally more exaggerated), pointing in strokes rather than distinct dots, freely ligatured, kāf mashqūqah preferred (even final kāf) with shaqq sweeping upward.</subfield></datafield><datafield tag="500" ind1=" " ind2=" "><subfield code="a">Layout: Written in 17 lines per page ; frame-ruled.</subfield></datafield><datafield tag="500" ind1=" " ind2=" "><subfield code="a">Collation: Chiefly quinions ; now so tightly bound, virtually impossible to discern original gatherings without damaging or disbinding ; leaf carrying incipit page missing ; catchwords present ; pagination in pencil, Western numerals, supplied during digitization.</subfield></datafield><datafield tag="500" ind1=" " ind2=" "><subfield code="a">Colophon: "Scribal," triangular, reads "فرغت يدا احقر عباد الله الصمد حسن بن صالح بن احمد عن تنسيخ هذه النسخة الچارپرديدية ضحوة يوم الثلثاء السابع والعشرين من ذي القعدة سنة ثلثين وتسعمائة ببقعة بدليس [؟] صينت من آفات التلبيس في المدرسة الحاجية على صاحبها الرحمة م"</subfield></datafield><datafield tag="500" ind1=" " ind2=" "><subfield code="a">Explicit: "بمعناها في الغاية والانتهاء ومن الله البداية واليه النهاية"</subfield></datafield><datafield tag="500" ind1=" " ind2=" "><subfield code="a">Incipit: "لم يترك في حوزة المكارم السنية مكانا لالا وحق له قول من قال لقد ذلت سبل المعاني وفاق الخلق طرا بالبيان"</subfield></datafield><datafield tag="500" ind1=" " ind2=" "><subfield code="a">Title from inscription on interior of upper cover.</subfield></datafield><datafield tag="500" ind1=" " ind2=" "><subfield code="a">Ms. codex.</subfield></datafield><datafield tag="510" ind1="4" ind2=" "><subfield code="a">Ḥājjī Khalīfah. Kashf al-ẓunūn,</subfield><subfield code="c">iv 7375</subfield></datafield><datafield tag="510" ind1="4" ind2=" "><subfield code="a">Brockelmann, C. GAL,</subfield><subfield code="c">I 305 ; II 193, no. 2</subfield></datafield><datafield tag="520" ind1="8" ind2=" "><subfield code="a">Fine (though acephalous) copy of al-Jārabardī's (d.1346) commentary on Ibn al-Ḥājib’s (d. 1249) celebrated manual of morphology (ṣarf or taṣrīf), al-Shāfīyah.</subfield></datafield><datafield tag="538" ind1=" " ind2=" "><subfield code="a">Mode of access: Internet.</subfield></datafield><datafield tag="541" ind1=" " ind2=" "><subfield code="a">Acquired in 1926 from the bookseller Isaac Benjamin S.E. Yahuda via purchase transacted on his behalf by Abraham Shalom Yahuda (1877-1951), his younger brother.</subfield></datafield><datafield tag="546" ind1=" " ind2=" "><subfield code="a">Arabic.</subfield></datafield><datafield tag="561" ind1=" " ind2=" "><subfield code="a">On recto of opening leaf (fol.1a/p.1), ownership statement dated 1316 [1898 or 9] in name of Ḥasan ibn [?] Muḥammad al-Rizq Ḥamawī [?], accompanied by circular seal impression (repeated twice), statement reads "ملكه الفقير اليه تعالى حسن ابن محمد الرزق حموي [؟] سنة ١۳۱٦" and seal impression reads "حسن الرزق ١٣١٤" (compare statements in Isl. Ms. 500, 615, 623) ; marginal corrections.</subfield></datafield><datafield tag="600" ind1="1" ind2="0"><subfield code="a">Ibn al-Ḥājib, ʻUthmān ibn ʻUmar,</subfield><subfield code="d">1175-1249.</subfield><subfield code="t">Shāfiyah.</subfield></datafield><datafield tag="650" ind1=" " ind2="0"><subfield code="a">Manuscripts, Arabic</subfield><subfield code="z">Michigan</subfield><subfield code="z">Ann Arbor.</subfield></datafield><datafield tag="650" ind1=" " ind2="0"><subfield code="a">Arabic language</subfield><subfield code="x">Grammar</subfield><subfield code="v">Early works to 1800.</subfield></datafield><datafield tag="650" ind1=" " ind2="0"><subfield code="a">Arabic language</subfield><subfield code="x">Inflection</subfield><subfield code="v">Early works to 1800.</subfield></datafield><datafield tag="650" ind1=" " ind2="0"><subfield code="a">Arabic language</subfield><subfield code="x">Morphology</subfield><subfield code="v">Early works to 1800.</subfield></datafield><datafield tag="700" ind1="0" ind2=" "><subfield code="6">880-05</subfield><subfield code="a">Ḥasan al-Rizq,</subfield><subfield code="d">fl. 1896,</subfield><subfield code="e">former owner.</subfield></datafield><datafield tag="700" ind1="0" ind2=" "><subfield code="6">880-04</subfield><subfield code="a">Ḥaṣan ibn Ṣāliḥ ibn Aḥmad,</subfield><subfield code="d">fl. 1524,</subfield><subfield code="e">scribe.</subfield></datafield><datafield tag="773" ind1="0" ind2=" "><subfield code="a">Yahuda Collection.</subfield></datafield><datafield tag="880" ind1="0" ind2=" "><subfield code="6">700-05/</subfield><subfield code="a">حسن الرزق،</subfield><subfield code="e">مالك سابق.</subfield></datafield><datafield tag="880" ind1="0" ind2=" "><subfield code="6">700-04/</subfield><subfield code="a">حسن بن صالح بن احمد,</subfield><subfield code="e">ناسخ.</subfield></datafield><datafield tag="880" ind1="1" ind2="0"><subfield code="6">245-03/</subfield><subfield code="a">شرح الشافية,</subfield><subfield code="f">[930ه، 1524م].</subfield></datafield><datafield tag="880" ind1="1" ind2=" "><subfield code="6">100-01/</subfield><subfield code="a">جاربردي، احمد بن الحسين.</subfield></datafield><datafield tag="CID" ind1=" " ind2=" "><subfield code="a">006813491</subfield></datafield><datafield tag="DAT" ind1="0" ind2=" "><subfield code="a">20190719102638.0</subfield><subfield code="b">20190719000000.0</subfield></datafield><datafield tag="DAT" ind1="1" ind2=" "><subfield code="a">20190719090653.0</subfield><subfield code="b">2019-07-19T16:11:44Z</subfield></datafield><datafield tag="DAT" ind1="2" ind2=" "><subfield code="a">2015-10-02T18:00:03Z</subfield></datafield><datafield tag="CAT" ind1=" " ind2=" "><subfield code="a">SDR-MIU</subfield><subfield code="d">EX LIBRIS - ALEPH</subfield><subfield code="l">prepare.pl-004-008</subfield></datafield><datafield tag="FMT" ind1=" " ind2=" "><subfield code="a">BK</subfield></datafield><datafield tag="HOL" ind1=" " ind2=" "><subfield code="0">sdr-miu006813491</subfield><subfield code="a">MiU</subfield><subfield code="b">SDR</subfield><subfield code="c">MIU</subfield><subfield code="p">mdp.39015079128339</subfield><subfield code="s">MIU</subfield><subfield code="1">006813491</subfield></datafield><datafield tag="974" ind1=" " ind2=" "><subfield code="b">MIU</subfield><subfield code="c">MIU</subfield><subfield code="d">20190719</subfield><subfield code="s">lit-dlps-dc</subfield><subfield code="u">mdp.39015079128339</subfield><subfield code="y">1524</subfield><subfield code="r">pd</subfield><subfield code="q">bib</subfield><subfield code="t">non-US bib date1 &lt; 1879</subfield></datafield></record></collection>